@misc {qs,
 title = {{QSopt-ex} {2.6} --- {A} computer algebra system for polynomial computations},
 author = { David Applegate, and William Cook, and Sanjeeb Dash, and Daniel Espinoza},
 year = {2009},
 url = {http://www.math.uwaterloo.ca/~bico/qsopt/ex/index.html},
}

@misc {qsjon,
 title = {{QSopt-ex} {2.5.10 patch 3} - A fork adding improvements to the build system, library and a Python interface},
 author = {Jon Lund Steffensen},
 year = {2015},
 url = {https://github.com/jonls/qsopt-ex},
}

@misc{Granlund12,
title = 	 {{GNU MP}: {T}he {GNU} {M}ultiple {P}recision {A}rithmetic {L}ibrary {6.0.0}},
  author = {Torb\"orn Granlund and the GMP development team},
  year = 	 {2015},
  url  = {http://gmplib.org/},
}

@misc{jayantchm,
  Author = {Jayant Apte},
  Lastchecked = {Jan 23, 2015},
  Title = {\textsf{chm}-{A}n {I}mplementation of {C}onvex {H}ull {M}ethod},
  note = {http://www.ece.drexel.edu/walsh/aspitrg/software.html},
  Year = {2014}
}

@misc{jayantqsint,
  Author = {Jayant Apte},
  Lastchecked = { 2015},
  Title = {qsopt{\textunderscore}ex-interface - {An Interface to QSopt exact LP solver -A GAP4 Package}},
  note = {http://www.ece.drexel.edu/walsh/aspitrg/software.html},
  Year = {2015}
}

@misc{jayantsymchm,
  Author = {Jayant Apte},
  Lastchecked = { 2016},
  Title = {symchm - {A GAP4 package for symmetry-exploiting polyhedral projection}},
  note = {http://www.ece.drexel.edu/walsh/aspitrg/software.html},
  Year = {2016}
}

@misc{itip,
  Author = {{Ying-On Yan} and {Raymond Yeung}},
  Lastchecked = { 2015},
  Title = {ITIP-Information Theoretic Inequality Prover},
  note = {http://user-www.ie.cuhk.edu.hk/~ITIP/},
  Year = {2008}
}

@article{TianJSAC433,
  author    = {Chao Tian},
  title     = {Characterizing the Rate Region of the (4, 3, 3) Exact-Repair Regenerating
               Codes},
  journal   = {{IEEE} Journal on Selected Areas in Communications},
  volume    = {32},
  number    = {5},
  pages     = {967--975},
  year      = {2014},
  url       = {http://dx.doi.org/10.1109/JSAC.2014.140516},
  doi       = {10.1109/JSAC.2014.140516},
  timestamp = {Mon, 28 Apr 2014 12:34:51 +0200},
  biburl    = {http://dblp.uni-trier.de/rec/bib/journals/jsac/Tian14},
  bibsource = {dblp computer science bibliography, http://dblp.org}
}

@ARTICLE{yeunginfoframework, 
author={R. W. Yeung},
journal={IEEE Transactions on Information Theory},
title={A framework for linear information inequalities},
year={1997},
volume={43},
number={6},
pages={1924-1934},
keywords={calculus;entropy;information theory;probability;random processes;ITIP software;Shannon's information measures;calculus;constrained linear information identities;discrete random variables;information theory;linear information inequalities;partial characterizations;probability theory;unconstrained linear information identities;Calculus;Codes;Conferences;Cramer-Rao bounds;Data processing;Entropy;Information theory;Mutual information;Random variables;Web sites},
doi={10.1109/18.641556},
ISSN={0018-9448},
month={Nov},}

@article{lihmsnc,
  author    = {Congduan Li and
               Steven Weber and
               John MacLaren Walsh},
  title     = {On Multi-source Networks: Enumeration, Rate Region Computation, and
               Hierarchy},
  journal   = {CoRR},
  volume    = {abs/1507.05728},
  year      = {2015},
  url       = {http://arxiv.org/abs/1507.05728},
  timestamp = {Sun, 02 Aug 2015 18:42:02 +0200},
  biburl    = {http://dblp.uni-trier.de/rec/bib/journals/corr/LiWW15},
  bibsource = {dblp computer science bibliography, http://dblp.org}
}

@ARTICLE{zyineq97,
author={Zhen Zhang and Yeung, R.W.},
journal={Information Theory, IEEE Transactions on},
title={A non-Shannon-type conditional  of information quantities},
year={1997},
volume={43},
number={6},
pages={1982-1986},
keywords={entropy;functional analysis;random processes;Shannon information measures;conditional joint entropies;conditional mutual information;discrete random variables;entropy function;entropy functions;information inequalities;information quantities;information-theoretic problem;nonShannon-type conditional inequality;nondecreasing function;nonnegative function;two-alternative function;vector;Cramer-Rao bounds;Entropy;Mutual information;Random variables},
doi={10.1109/18.641561},
ISSN={0018-9448},
month={Nov},}

@article{dfznonshannon,
	Author = {R. Dougherty and C. Freiling and K. Zeger},
	Bibsource = {DBLP, http://dblp.uni-trier.de},
	Date-Modified = {2013-01-24 17:22:19 -0500},
	Ee = {http://arxiv.org/abs/1104.3602},
	Journal = {CoRR},
	Title = {Non-Shannon Information Inequalities in Four Random Variables},
	Volume = {abs/1104.3602},
	Year = {2011}}
